<record><leader>00000cas a2200000 a 4500</leader><controlfield tag="001">13661501</controlfield><controlfield tag="008">860530d189719uutxuwr ne      0    0eng d</controlfield><datafield ind1=" " ind2=" " tag="010"><subfield code="a">sn 86064209 </subfield></datafield><datafield ind1=" " ind2=" " tag="040"><subfield code="a">KSH</subfield><subfield code="b">eng</subfield><subfield code="c">KSH</subfield><subfield code="d">NPT</subfield><subfield code="d">PPM</subfield><subfield code="d">OCL</subfield><subfield code="d">OCLCQ</subfield></datafield><datafield ind1=" " ind2=" " tag="042"><subfield code="a">msc</subfield></datafield><datafield ind1="0" ind2="0" tag="245"><subfield code="a">Upshur County echo.</subfield></datafield><datafield ind1=" " ind2=" " tag="260"><subfield code="a">Gilmer, Tex. :</subfield><subfield code="b">J.J. Stephens &amp; A.E. Settle</subfield></datafield><datafield ind1=" " ind2=" " tag="300"><subfield code="a">v ;</subfield><subfield code="c">57 cm.</subfield></datafield><datafield ind1=" " ind2=" " tag="310"><subfield code="a">Weekly</subfield></datafield><datafield ind1="1" ind2=" " tag="362"><subfield code="a">Began in 1897.</subfield><subfield code="z">Cf. Ayer, 1925.</subfield></datafield><datafield ind1=" " ind2=" " tag="588"><subfield code="a">Description based on: 8th year, no. 44 (Sept. 7, 1905).</subfield></datafield><datafield ind1=" " ind2=" " tag="752"><subfield code="a">United States</subfield><subfield code="b">Texas</subfield><subfield code="c">Upshur</subfield><subfield code="d">Gilmer.</subfield></datafield><datafield ind1="0" ind2="4" tag="785"><subfield code="t">Mirror (Gilmer, Tex. : 1877)</subfield><subfield code="w">(DLC)sn 86088916</subfield></datafield><datafield ind1="1" ind2=" " tag="029"><subfield code="a">AU@</subfield><subfield code="b">000022170090</subfield></datafield></record>